 @Manual{ieee-24765,
   author={{Institute of Electrical and Electronics Engineers}},
   shortauthor = {IEEE},
   title={Systems and software engineering -- Vocabulary},
   year={2010},
   month={12},
   pages={1 -- 418},  
   doi={10.1109/IEEESTD.2010.5733835},
   note = {Standard 24765:2010}
 }
 
 @book{myers-1979,
	author = {Myers, Glenford J.},
	title = {Art of Software Testing},
	year = {1979},
	isbn = {0471043281},
	publisher = {John Wiley \& Sons, Inc.},
	address = {New York, NY, USA},
    annotation = {A must read classical book on software testing.}
}

@article{Anand13,
	title = {An orchestrated survey of methodologies for automated software test case generation},
	journal = {J. Syst. Software},
	volume = {86},
	number = {8},
	pages = {1978 - 2001},
	year = {2013},		
	doi = "10.1016/j.jss.2013.02.061",
	author = {Saswat Anand and Edmund K. Burke and Tsong Yueh Chen and John Clark and Myra B. Cohen and Wolfgang Grieskamp and Mark Harman and Mary Jean Harrold and Phil McMinn},
}

@misc{htb-glossary,
    author = {{Hungarian Testing Board}},
    shortauthor = {HTB},
    title = {Hungarian standard glossary of terms used in Software Testing},
    year = {2014},
    url = {http://www.hstqb.org/index.php?title=Downloads}
}

@misc{istqb-glossary,
    author = {{International Software Testing Qualifications Board}},
    shortauthor = {ISTQB},
    title = {Standard Glossary of Terms used in Software Testing},
    year = {2016},
    url = {http://www.istqb.org/downloads/glossary.html}
}

@Manual{omg-uml2,
    author={{Object Management Group}},
    shortauthor = {OMG},
    title={{Unified Modeling Language (UML) 2.5 Specification}},
    note = {formal/2015-03-01},
    year={2015},
}

@phdthesis{pinter-phd,
    address = {Budapest, Hungary},
    school = {Budapest University of Technology and Economics, Department of
    Measurement and Information Systems},
    title = {{Model Based Program Synthesis and Runtime Error Detection for
    Dependable Embedded Systems}},
    author = {Gergely Pint{\'e}r},
    year = 2007,
}
